@Article{HighlyFlexible,
	title			=	{A Highly Flexible, Distributed Data Analysis Framework for Industry 4.0 Manufacturing Systems},
	year			=	{2017},
	organization	=	{University of Oxford, Google DeepMind},
	author			=	{Ricardo Silva Peres AND Andre Dionisio Rocha AND Andre Coelho AND Jose Barata},
	publisher		=	{IEEE},
	journal 		= 	{Service Orientation in Holonic and Multi-Agent Manufacturing},
	pages			=	{373 - 381}
}

@Article{Harmonized,
	title={Towards Industrial Exploitation of Innovative and Harmonized Production Systems},
	author={A. Cala AND M. Foehr AND D. Rohrmus AND N. Weinert AND O. Meyer AND M. Taisch AND F. Boschi AND P. M. Fantini AND P. Perlo AND P. Petrali AND J. Vallhagen},
	year={2016},
	publisher={IEEE}
}

@Article{ModularProduction,
	title={Flexible, Self-configuring Control System for a Modular Production System},
	author={Stefan Scheifele AND Jens Friedrich AND Armin Lechler AND Alexander Verl},
	journal={Procedia Technology},
	volume={15},
	pages={398 - 405},
	year={2014}
}

@Article{Perform,
	title={Specification of the PERFoRM Architecture for the Seamless Production System Reconfiguration},
	author={Paulo Leitao AND Jose Barbosa AND Arnaldo Pereira AND Jose Barata AND Armando W. Colombo},
	year={2016},
	publisher={IEEE}
}

@Article{FactoryOfTheFuture,
	title={Towards the Factory of the Future: A Service-oriented Cross-layer Infrastructure},
	author={Armando Walter Colombo AND Stamatis Karnouskos},
	journal={ICT Shaping the World: A Scientific View},
	pages={65 - 81},
	year={2009}
}

@Article{DataMining,
	title={Data Mining Approach for Knowledge-based Process Planning},
	author={Berend Denkena AND Justin Schmidt AND Max Kr√ºger},
	journal={Procedia Technology},
	pages={406 - 415},
	volume={15},
	year={2014}
}

@Article{Hybrid,
	title={A system reconfiguration architecture for hybrid automation systems based in agents and programmable logic controllers},
	author={Tiago Santos AND Luis Ribeiro AND Andre Dionisio Rocha AND Jose Barata},
	publisher={IEEE},
	year={2016}
}

@Article{PlugProduce,
	title={An Agent Based Framework to Support Plug And Produce, Industrial Informatics},
	author={Andre Rocha AND Giovanni Di Orio AND Jose Barata AND Nikolas Antzoulatos AND Elkin Castro AND Daniele Scrimieri AND Svetan Ratchev AND Luis Ribeiro},
	journal={IEEE International Conference},
	pages={504 - 510},
	publisher={IEEE},
	year={2014}
}